@article{wheeler2005secure,
  title={Secure programming for Linux and Unix HOWTO},
  author={Wheeler, David A},
  journal={Linux Documentation Project},
  year={2005},
  url={https://dwheeler.com/secure-programs/}
}

@inproceedings{bonneau2012quest,
  title={The quest to replace passwords: A framework for comparative evaluation of web authentication schemes},
  author={Bonneau, Joseph and Herley, Cormac and Van Oorschot, Paul C and Stajano, Frank},
  booktitle={2012 IEEE symposium on security and privacy},
  pages={553--567},
  year={2012},
  organization={IEEE},
  doi={10.1109/SP.2012.44}
}

@inproceedings{florencio2007large,
  title={A large-scale study of web password habits},
  author={Florencio, Dinei and Herley, Cormac},
  booktitle={Proceedings of the 16th international conference on World Wide Web},
  pages={657--666},
  year={2007},
  doi={10.1145/1242572.1242661}
}

@inproceedings{gaw2006password,
  title={Password management strategies for online accounts},
  author={Gaw, Shirley and Felten, Edward W},
  booktitle={Proceedings of the second symposium on Usable privacy and security},
  pages={44--55},
  year={2006},
  doi={10.1145/1143120.1143127}
}

@techreport{nist2017digital,
  title={Digital identity guidelines: Authentication and lifecycle management},
  author={Grassi, Paul A and Garcia, Michael E and Fenton, James L},
  year={2017},
  institution={National Institute of Standards and Technology},
  number={NIST SP 800-63B},
  doi={10.6028/NIST.SP.800-63b}
}

@article{kaliski2000pkcs,
  title={PKCS\# 5: Password-based cryptography specification version 2.0},
  author={Kaliski, Burt},
  journal={RFC 2898},
  year={2000},
  publisher={RFC Editor},
  doi={10.17487/RFC2898}
}